@Book{hopcroft2007automatatheory,
	author = {Hopcroft, John E. and Motwani, Rajeev and Ullman, Jeffrey D.},
	title = {Automata Theory, Langugages and Computation, 3rd edition},
	publisher = {Pearson Education, Inc},
	year = {2007}
}

@Book{sipser2013introduction,
	author = {Sipser, Michael},
	title = {Introduction to the Theory of Computation, 3rd edition},
	publisher = {Cengage Learning},
	year = {2013}
}

@Book{eiben2015evolutionarycomputing,
	author = {Eiben, A. E. and Smith, J. E.},
	title = {Introduction to Evolutionary Comping, 2nd edition},
	publisher = {Springer},
	year = {2015}
}